@inproceedings{BSHOUTY,
  author    = {Nader H. Bshouty},
  title     = {Optimal Algorithms for the Coin Weighing Problem with a Spring Scale},
  booktitle = {{COLT} 2009 - The 22nd Conference on Learning Theory, Montreal, Quebec,
               Canada, June 18-21, 2009},
  year      = {2009},
  url       = {http://www.cs.mcgill.ca/\%7Ecolt2009/papers/004.pdf\#page=1},
  timestamp = {Fri, 25 Mar 2011 13:28:34 +0100},
  biburl    = {https://dblp.org/rec/bib/conf/colt/Bshouty09},
  bibsource = {dblp computer science bibliography, https://dblp.org}
}

@inproceedings{DOERR,
  author    = {Benjamin Doerr and
               Reto Sp{\"{o}}hel and
               Henning Thomas and
               Carola Winzen},
  editor    = {Sanjeev Khanna},
  title     = {Playing Mastermind with Many Colors},
  booktitle = {Proceedings of the Twenty-Fourth Annual {ACM-SIAM} Symposium on Discrete
               Algorithms, {SODA} 2013, New Orleans, Louisiana, USA, January 6-8,
               2013},
  pages     = {695--704},
  publisher = {{SIAM}},
  year      = {2013},
  url       = {https://doi.org/10.1137/1.9781611973105.50},
  doi       = {10.1137/1.9781611973105.50},
  timestamp = {Fri, 27 Dec 2019 21:19:31 +0100},
  biburl    = {https://dblp.org/rec/bib/conf/soda/DoerrSTW13},
  bibsource = {dblp computer science bibliography, https://dblp.org}
}

@article{GOODRICH,
  author    = {Michael T. Goodrich},
  title     = {On the algorithmic complexity of the Mastermind game with black-peg
               results},
  journal   = {Inf. Process. Lett.},
  volume    = {109},
  number    = {13},
  pages     = {675--678},
  year      = {2009},
  url       = {https://doi.org/10.1016/j.ipl.2009.02.021},
  doi       = {10.1016/j.ipl.2009.02.021},
  timestamp = {Fri, 26 May 2017 22:54:42 +0200},
  biburl    = {https://dblp.org/rec/bib/journals/ipl/Goodrich09},
  bibsource = {dblp computer science bibliography, https://dblp.org}
}

@inproceedings{CHOI,
  author    = {Sung{-}Soon Choi},
  editor    = {Shai Shalev{-}Shwartz and
               Ingo Steinwart},
  title     = {Polynomial Time Optimal Query Algorithms for Finding Graphs with Arbitrary
               Real Weights},
  booktitle = {{COLT} 2013 - The 26th Annual Conference on Learning Theory, June
               12-14, 2013, Princeton University, NJ, {USA}},
  series    = {{JMLR} Workshop and Conference Proceedings},
  volume    = {30},
  pages     = {797--818},
  publisher = {JMLR.org},
  year      = {2013},
  url       = {http://proceedings.mlr.press/v30/Choi13.html},
  timestamp = {Wed, 29 May 2019 08:41:46 +0200},
  biburl    = {https://dblp.org/rec/bib/conf/colt/Choi13},
  bibsource = {dblp computer science bibliography, https://dblp.org}
}

@inproceedings{GREBINSKI,
  author    = {Vladimir Grebinski and
               Gregory Kucherov},
  editor    = {Rainer E. Burkard and
               Gerhard J. Woeginger},
  title     = {Optimal Reconstruction of Graphs Under the Additive Model},
  booktitle = {Algorithms - {ESA} '97, 5th Annual European Symposium, Graz, Austria,
               September 15-17, 1997, Proceedings},
  series    = {Lecture Notes in Computer Science},
  volume    = {1284},
  pages     = {246--258},
  publisher = {Springer},
  year      = {1997},
  url       = {https://doi.org/10.1007/3-540-63397-9\_19},
  doi       = {10.1007/3-540-63397-9\_19},
  timestamp = {Tue, 14 May 2019 10:00:54 +0200},
  biburl    = {https://dblp.org/rec/bib/conf/esa/GrebinskiK97},
  bibsource = {dblp computer science bibliography, https://dblp.org}
}

@article{KOTZING,
  author    = {Benjamin Doerr and
               Carola Doerr and
               Timo K{\"{o}}tzing},
  title     = {Static and Self-Adjusting Mutation Strengths for Multi-valued Decision
               Variables},
  journal   = {Algorithmica},
  volume    = {80},
  number    = {5},
  pages     = {1732--1768},
  year      = {2018},
  url       = {https://doi.org/10.1007/s00453-017-0341-1},
  doi       = {10.1007/s00453-017-0341-1},
  timestamp = {Fri, 27 Dec 2019 21:18:25 +0100},
  biburl    = {https://dblp.org/rec/bib/journals/algorithmica/DoerrDK18},
  bibsource = {dblp computer science bibliography, https://dblp.org}
}



@inproceedings{DOERRDOERR,
  author    = {Benjamin Doerr and
               Carola Doerr},
  editor    = {Sara Silva and
               Anna Isabel Esparcia{-}Alc{\'{a}}zar},
  title     = {Optimal Parameter Choices Through Self-Adjustment: Applying the 1/5-th
               Rule in Discrete Settings},
  booktitle = {Proceedings of the Genetic and Evolutionary Computation Conference,
               {GECCO} 2015, Madrid, Spain, July 11-15, 2015},
  pages     = {1335--1342},
  publisher = {{ACM}},
  year      = {2015},
  url       = {https://doi.org/10.1145/2739480.2754684},
  doi       = {10.1145/2739480.2754684},
  timestamp = {Fri, 27 Dec 2019 21:30:12 +0100},
  biburl    = {https://dblp.org/rec/bib/conf/gecco/DoerrD15},
  bibsource = {dblp computer science bibliography, https://dblp.org}
}


